%Primeiro semestre
%%Cálculo I
@BOOK{calculoA,
		author = {FLEMMING, Diva Marília and GONÇALVES, Mírian Buss},
		title = {Cálculo A},
		subtitle = {funções, limite, derivação, integração},
		publisher = {Makron Books},
		pages = {617},
		year = {1992},
		address = {São Paulo},
		edition = {5},
		isbn = {9780074606872},
		}
%%Algebra I ou Geometria Analítica
@BOOK{geometriaanalitica,
		author = {STEINBRUCH, Alfredo and WINTERLE, Paulo},
		title = {Geometria analítica},
		publisher = {McGraw-Hill},
		pages = {292},
		year = {1987},
		address = {São Paulo},
		edition = {2},
		isbn = {9780074504093},
		}

%Segundo Semestre
%%Algebra II ou Algebra Linear
@BOOK{algebralinear,
		author = {STEINBRUCH, Alfredo and WINTERLE, Paulo},
		title = {Álgebra linear},
		publisher = {Makron Books},
		pages = {583},
		year = {1987},
		address = {São Paulo},
		edition = {2},
		isbn = {9780074504123},
		}
@BOOK{antonalg2,
		author = {ANTON, Howard and RORRES, Chris},
		title = {Álgebra linear com aplicações},
		publisher = {Bookman},
		pages = {572},
		year = {2000},
		address = {Porto Alegre},
		edition = {8},
		isbn = {9788573078473},
		}
%%Cálculo II
@BOOK{calculoB,
		author = {FLEMMING, Diva Marília and GONÇALVES, Mírian Buss},
		title = {Cálculo B: funções de várias variáveis integrais duplas e triplas},
		publisher = {Makron Books},
		pages = {372},
		year = {1999},
		address = {São Paulo},
		edition = {1},
		isbn = {9788534609784},
		}
@BOOK{antonseries,
		author = {ANTON, Howard},
		title = {Cálculo: um novo horizonte},
		publisher = {Bookman},
		volume = {2},
		year = {2000},
		address = {Porto Alegre},
		edition = {6},
		isbn = {9788573076523},
		}
%%Física 1
@BOOK{halliday1,
		author = {HALLIDAY, David and RESNICK, Robert and WALKER, Jearl},
		title = {Fundamentos de física},
		publisher = {LTC},
		volume = {1},
		year = {1996},
		address = {Rio de Janeiro},
		edition = {4},
		isbn = {8521610890},
		}
%%Química Geral
@BOOK{russel1,
		author = {RUSSELL, John Blair},
		title = {Química geral},
		publisher = {Makron Books},
		series = {},
		volume = {1},
		pages = {662},
		year = {1994},
		address = {São Paulo},
		edition = {2},
		isbn = {9788534601924},
		}
@BOOK{russel2,
		author = {RUSSELL, John Blair},
		title = {Química geral},
		publisher = {Makron Books},
		volume = {2},
		pages = {628},
		year = {1994},
		address = {São Paulo},
		edition = {2},
		isbn = {9788534601511},
		}

%Terceiro Semestre
%%Cálculo Vetorial
@BOOK{calculoC,
		author = {GONÇALVES, Mírian Buss and FLEMMING, Diva Marília},
		title = {Cálculo C: funções vetoriais, integrais curvilineas, integrais de superfície},
		publisher = {Makron Books},
		pages = {425},
		year = {2000},
		address = {São Paulo},
		edition = {3},
		isbn = {9788534609555},
		}
@BOOK{hsu,
		author = {HSU, Hwei P.},
		title = {Análise vetorial},
		publisher = {LTC},
		pages = {286},
		year = {1972},
		address = {Rio de Janeiro},
		edition = {1},
		}
%%Equações Diferenciais
@BOOK{zillcullen1,
		author = {ZILL, Dennis G. and CULLEN, Michael R.},
		title = {Equações diferenciais},
		publisher = {Pearson Makron Books},
		volume = {1},
		pages = {494},
		year = {2007},
		address = {São Paulo},
		edition = {3},
		isbn = {9788534612913},
		}
@BOOK{zillcullen2,
		author = {ZILL, Dennis G. and CULLEN, Michael R.},
		title = {Equações diferenciais},
		publisher = {Pearson Makron Books},
		volume = {2},
		pages = {454},
		year = {2007},
		address = {São Paulo},
		edition = {3},
		isbn = {9788534611411},
		}
%%Fisica 2
@BOOK{halliday2,
		author = {HALLIDAY, David and RESNICK, Robert and WALKER, Jearl},
		title = {Fundamentos de física},
		publisher = {LTC},
		volume = {2},
		year = {2002},
		address = {Rio de Janeiro},
		edition = {6},
		isbn = {852161070x},
		}
%%Mecânica dos Sólidos
@BOOK{beerjohnston1,
		author = {BEER, Ferdinand Pierre and JOHNSTON, E. Russell},
		title = {Mecânica vetorial para engenheiros},
		subtitle = {Estática},
		publisher = {Makron Books},
		volume = {1},
		pages = {804},
		year = {1994},
		address = {São Paulo},
		edition = {5},
		isbn = {9788534602020},
		}
@BOOK{popov,
		author = {POPOV, E. P},
		title = {Introdução à mecânica dos sólidos},
		publisher = {E. Blucher},
		pages = {534},
		year = {1978},
		address = {São Paulo},
		edition = {1},
		isbn = {9788521200949},
		}
%%Processamento de Dados ou Linguagem de programação C
@MANUAL{apostilaufmg,
		author = {MESQUITA, Renato Cardoso},
		title = {Curso de Linguagem C},
		publisher = {UFMG},
		pages = {112},
		year = {1998},
		address = {Belo Horizonte},
		edition = {03 Out 2000},
		note = {Apostila},
		}

%Quarto Semestre
%%Cálculo Numérico
@BOOK{calculonumerico,
		author = {RUGGIERO, Marcia A. Gomes and LOPES, Vera Lucia da Rocha},
		title = {Cálculo numérico: aspectos teóricos e computacionais},
		publisher = {Makron Books},
		pages = {406},
		year = {1998},
		address = {São Paulo},
		edition = {2},
		isbn = {9788534602044},
		}
%%Cálculo 4
@BOOK{avila,
		author = {ÁVILA, Geraldo S. S.},
		title = {Variaveis complexas e aplicacoes},
		publisher = {LTC},
		pages = {185},
		year = {2000},
		address = {Rio de Janeiro},
		edition = {3},
		isbn = {9788521612179},
		}
@BOOK{churchill,
		author = {CHURCHILL, Ruel Vance},
		title = {Variáveis complexas e suas aplicações},
		publisher = {Makron Books},
		pages = {276},
		year = {1975},
		address = {São Paulo},
		edition = {1},
		}
@BOOK{kreyszig,
		author = {KREYSZIG, Erwin},
		title = {Matemática Superior},
		publisher = {LTC},
		volume = {3},
		year = {1983},
		address = {Rio de Janeiro},
		edition = {2},
		isbn = {8521601808},
		}
%%Física 3
@BOOK{alaorchaves,
		author = {CHAVES, Alaor},
		title = {Física Básica - Eletromagnetismo},
		publisher = {LTC},
		volume = {1},
		pages = {300},
		year = {2007},
		address = {Rio de Janeiro},
		edition = {1},
		isbn = {9788521615507},
		}
@BOOK{tipler,
		author = {TIPLER, Paul Allen and MOSCA, Gene},
		title = {Física para cientistas e engenheiros: eletricidade e magnetismo},
		publisher = {LTC},
		volume = {2},
		pages = {550},
		year = {2006},
		address = {Rio de Janeiro},
		edition = {5},
		isbn = {9788521614630},
		}
@BOOK{moyses,
		author = {NUSSENZVEIG, H. Moysés},
		title = {Curso de física básica: Eletromagnetismo},
		publisher = {E. Blucher},
		volume = {3},
		pages = {336},
		year = {1997},
		address = {São Paulo},
		edition = {4},
		isbn = {9788521201342},
		}
@BOOK{sears,
		author = {YOUNG, Hugh D and FREEDMAN, Roger A},
		title = {Física III: Eletromagnetismo},
		publisher = {Addison Wesley},
		volume = {3},
		pages = {402},
		year = {2004},
		address = {São Paulo},
		edition = {10},
		isbn = {9798588639040},
		}
%Quinto Semestre
%%Física Quântica ou Fisica 4
@BOOK{eisberg,
		author = {EISBERG, Robert Martin and RESNICK, Robert},
		title = {Física qüântica: átomos, moléculas, sólidos, nucleos e particulas},
		publisher = {Campus},
		pages = {936},
		year = {1979},
		address = {Rio de Janeiro},
		edition = {1},
		isbn = {9788570013095},
		}
@BOOK{feynman,
		author = {FEYNMAN, Richard Phillips},
		title = {Física em 12 lições},
		publisher = {Ediouro - Singular},
		pages = {308},
		year = {2005},
		address = {Rio de Janeiro},
		isbn = {9788500016356},
		}
%%Estatística
@BOOK{montgomery,
		author = {MONTGOMERY, Douglas C. and RUNGER, George C},
		title = {Estatística aplicada e probabilidade para engenheiros},
		publisher = {LTC},
		pages = {463},
		year = {2003},
		address = {Rio de Janeiro},
		edition = {2},
		isbn = {9788521613602},
		}
@BOOK{morettin,
		author = {MORETTIN, Pedro A. and BUSSAB, Wilton de Oliveira},
		title = {Estatística básica},
		publisher = {Saraiva},
		pages = {526},
		year = {2002},
		address = {São Paulo},
		edition = {5},
		isbn = {9788502034976},
		}
%%Eletromagnetismo
@MANUAL{apostilaairton,
		author = {RAMOS, Airton},
		title = {Engenharia Eletromagnética},
		year = {2006},
		address = {Joinville},
		note = {Apostila},
		}
@BOOK{kraus,
		author = {KRAUS, John Daniel and CARVER, Keith R},
		title = {Eletromagnetismo},
		publisher = {Guanabara Dois},
		pages = {780},
		year = {1978},
		address = {Rio de Janeiro},
		edition = {2},
		isbn = {},
		}
@BOOK{hayteletromag,
		author = {HAYT, William Hart},
		title = {Eletromagnetismo},
		publisher = {LTC},
		pages = {403},
		year = {1994},
		address = {Rio de Janeiro},
		edition = {4},
		isbn = {9788570011039},
		}
@BOOK{klebermachado,
		author = {MACHADO, Kleber Daum},
		title = {Equações diferenciais aplicadas à física},
		publisher = {Ed. UEPG},
		pages = {600},
		year = {1999},
		address = {Ponta Grossa},
		edition = {1},
		isbn = {9788586941047},
		}
@BOOK{reitz,
		author = {REITZ, John R and MILFORD, Frederick J and CHRISTY, Robert W},
		title = {Fundamentos da teoria eletromagnética},
		publisher = {Campus},
		pages = {516},
		year = {1982},
		address = {Rio de Janeiro},
		edition = {4},
		isbn = {9788570011039},
		}
%%Circuitos Elétricos 1
@BOOK{hayt,
		author = {HAYT, William Hart and KEMMERLY, Jack E},
		title = {Análise de circuitos em engenharia},
		publisher = {MacGraw-Hill do Brasil},
		pages = {619},
		year = {1973},
		address = {São Paulo},
		edition = {},
		isbn = {},
		}
@BOOK{irwin,
		author = {IRWIN, J. David},
		title = {Análise de circuitos em engenharia},
		publisher = {Makron Books},
		pages = {848},
		year = {2000},
		address = {São Paulo},
		edition = {4},
		isbn = {9788534606936},
		}
@BOOK{johnson,
		author = {JOHNSON, David E and HILBURN, John L. and JOHNSON, Johnny R},
		title = {Fundamentos de análise de circuítos elétricos},
		publisher = {LTC},
		pages = {539},
		year = {2000},
		address = {Rio de Janeiro},
		edition = {4},
		isbn = {9788521612384},
		}
@BOOK{nilsson,
		author = {NILSSON, James William and RIEDEL, Susan A},
		title = {Circuitos elétricos},
		publisher = {LTC},
		pages = {659},
		year = {2003},
		address = {Rio de Janeiro},
		edition = {6},
		isbn = {9788521613633},
		}
%Sexto Semestre
%%Circuitos Elétricos 2
@BOOK{boylestadcircuitos,
		author = {BOYLESTAD, Robert L},
		title = {Introdução a analise de circuitos},
		publisher = {Prentice Hall},
		pages = {785},
		year = {2001},
		address = {Rio de Janeiro},
		edition = {8},
		isbn = {9788570540782},
		}
%%Circuitos Lógicos e Digitais
@BOOK{mairton,
		author = {MELO, Mairton de Oliveira},
		title = {Eletronica digital},
		publisher = {Makron Books},
		pages = {476},
		year = {2002},
		address = {São Paulo},
		edition = {},
		isbn = {},
		}
%%Medidas Elétricas
@BOOK{fundmed,
		author = {MEDEIROS FILHO, Solon de},
		title = {Fundamentos de medidas elétricas},
		publisher = {Guanabara Dois},
		pages = {307},
		year = {1981},
		address = {Rio de Janeiro},
		edition = {2},
		}
@BOOK{medidas,
		author = {MEDEIROS FILHO, Solon de},
		title = {Medição de energia elétrica},
		publisher = {Guanabara Dois},
		pages = {483},
		year = {1983},
		address = {Rio de Janeiro},
		edition = {3},
		isbn = {8570300123},
		}
%%Materiais Elétricos
@BOOK{materiais,
		author = {CALLISTER, William D},
		title = {Ciência e engenharia de materiais: uma introdução},
		publisher = {LTC},
		pages = {589},
		year = {2002},
		address = {Rio de Janeiro},
		edition = {5},
		isbn = {9788521612889},
		}
%%Eletrônica
@BOOK{sedra,
		author = {SEDRA, Adel S and SMITH, Kenneth Carless},
		title = {Microeletrônica},
		publisher = {Prentice Hall},
		pages = {848},
		year = {2007},
		address = {São Paulo},
		edition = {5},
		isbn = {9788576050223},
		}
@BOOK{boylestad,
		author = {BOYLESTAD, Robert L and NASHELSKY, Louis},
		title = {Dispositivos eletrônicos e teoria de circuitos},
		publisher = {Pearson Education},
		pages = {672},
		year = {2004},
		address = {São Paulo},
		edition = {8},
		isbn = {9788587918222},
		}
%Sétimo Semestre
%%Sinais e Sistemas Lineares ou Análise de Fourier
@BOOK{lathi,
		author = {LATHI, B. P},
		title = {Sinais e sistemas lineares},
		publisher = {Bookman},
		pages = {856},
		year = {2006},
		address = {Porto Alegre},
		edition = {2},
		isbn = {9788560031139},
		}
@BOOK{haykin,
		author = {HAYKIN, Simon S. and VAN VEEN, Barry},
		title = {Sinais e sistemas},
		publisher = {Bookman},
		pages = {668},
		year = {2001},
		address = {Porto Alegre},
		edition = {1},
		isbn = {9788573077414},
		}
%%Análise de Sistemas Lineares ou Introdução
@BOOK{nise,
		author = {NISE, Norman S},
		title = {Engenharia de sistemas de controle},
		publisher = {LTC},
		pages = {682},
		year = {2009},
		address = {Rio de Janeiro},
		edition = {5},
		isbn = {9788521617044},
		}
%%Linhas de Transmissão
@BOOK{lte,
		author = {CAMARGO, C. Celso de Brasil},
		title = {Transmissão de energia elétrica: aspectos fundamentais},
		publisher = {Ed. da UFSC},
		pages = {303},
		year = {2009},
		address = {Florianópolis},
		edition = {4},
		isbn = {9788532804679},
		}

%%%UFSC
%%Economia
@BOOK{vasconcellos,
		author = {VASCONCELLOS, Marco Antonio Sandoval de},
		title = {Economia: micro e macro},
		publisher = {Atlas},
		pages = {453},
		year = {2011},
		address = {São Paulo},
		edition = {5},
		isbn = {9788522465873},
		}
@BOOK{mankiw,
		author = {MANKIW, N. Gregory},
		title = {Introdução à economia},
		publisher = {Cengage Learning},
		pages = {838},
		year = {2010},
		address = {São Paulo},
		edition = {5},
		isbn = {9788522107056},
		}
%%Ondas e Propagação
@BOOK{sadikuemg,
		author = {SADIKU, Matthew N. O},
		title = {Elementos de eletromagnetismo},
		publisher = {Bookman},
		pages = {702},
		year = {2012},
		address = {Porto Alegre},
		edition = {5},
		isbn = {9788540701502},
		}
%%Mecânica para engenharia
@BOOK{beerjohnston2,
		author = {BEER, Ferdinand Pierre and JOHNSTON, E. Russell},
		title = {Mecânica vetorial para engenheiros},
		subtitle = {Cinemática e Dinâmica},
		publisher = {Makron Books},
		volume = {2},
		pages = {1002},
		year = {1994},
		address = {São Paulo},
		edition = {5},
		isbn = {9788534602037},
		}
%%Sistemas Discretos
@BOOK{oppenheim,
		author = {OPPENHEIM, Alan V. and SCHAFER, Ronald W},
		title = {Discrete-time signal processing},
		publisher = {Pearson},
		pages = {1108},
		year = {2010},
		address = {New Jersey},
		edition = {3rd},
		isbn = {9780131988422},
		}
@BOOK{mitra,
		author = {Mitra, Sanjit},
		title = {Digital Signal Processing with Student CD ROM},
		publisher = {McGraw-Hill Education},
		pages = {940},
		year = {2010},
		address = {},
		edition = {4},
		isbn = {9780077366766},
		}
%%Controle Clássico
@BOOK{franklin,
		author = {FRANKLIN, Gene F. and POWELL, J. David and EMAMI-NAEINI, Abbas},
		title = {Feedback control of dynamic systems},
		publisher = {Upper Saddle River Pearson Prentice Hall},
		pages = {910},
		year = {2006},
		address = {New Jersey},
		edition = {5th},
		isbn = {9780131499300},
		}
%%Conversão eletromecânica de energia
@BOOK{fitzgerald,
		author = {FITZGERALD, A. E and KINGSLEY, Charles and UMANS, Stephen D},
		title = {Máquinas elétricas: com introdução à eletrônica de potência},
		publisher = {Bookman},
		pages = {648},
		year = {2006},
		address = {Porto Alegre},
		edition = {6},
		isbn = {9788560031047},
		}
@BOOK{deltoro,
		author = {DEL TORO, Vincent},
		title = {Fundamentos de máquinas elétricas},
		publisher = {LTC},
		pages = {574},
		year = {2009},
		address = {Rio de Janeiro},
		edition = {1},
		isbn = {9788521611844},
		}
%%Fenomenos de Transporte
@BOOK{fox,
		author = {FOX, Robert W. and MCDONALD, Alan T and PRITCHARD, Philip J},
		title = {Introdução à mecânica dos fluidos},
		publisher = {LTC},
		pages = {710},
		year = {2010},
		address = {Rio de Janeiro},
		edition = {7},
		isbn = {9788521617570},
		}
@BOOK{incropera,
		author = {INCROPERA, F.P. and DeWitt, D.P.},
		title = {FUNDAMENTOS de transferência de calor e de massa},
		publisher = {LTC},
		pages = {643},
		year = {2008},
		address = {Rio de Janeiro},
		edition = {6},
		isbn = {9788521615842},
		}
%%Controle Moderno
@BOOK{ogata,
		author = {OGATA, Katsuhiko and MAYA, Paulo Alvaro},
		title = {Engenharia de controle moderno},
		publisher = {Makron Books},
		pages = {788},
		year = {2003},
		address = {São Paulo},
		edition = {4},
		isbn = {9788587918239},
		}
@BOOK{ogata1ed,
		author = {OGATA, Katsuhiko},
		title = {Engenharia de controle moderno},
		publisher = {Prentice Hall do Brasil},
		pages = {929},
		year = {1982},
		address = {Rio de Janeiro},
		edition = {1},
		isbn = {8570540191},
		}

%@BOOK{nomedolabel,
%		author = {},
%		title = {},
%		publisher = {},
%		pages = {},
%		year = {},
%		address = {},
%		edition = {},
%		isbn = {},
%		}